@manual{man:v206,
  organization = {TU Dortmund, Fakultät Physik},
  title = {Versuch 206: Die Wärmepumpe},
  year = 2022
}
@book{bk:LASER,
  author = {Svelto, Orazio}
  title = {Principles of Lasers, Fourt Edition}
  year = 1998
}
