@manual{man:v64,
  organization = {TU Dortmund, Fakult√§t Physik},
  title = {Versuch 64: Interferometrie},
  year = 2022
}

@book{book:optik,
  author         = {Eugene Hecht},
  editor         = {},
  publisher      = {De Gruyter Studium},
  title          = {Optik},
  year           = {2023},
  edition        = {8},
}

@ARTICLE{atc:2011AmJP,
       author = {{Madsen}, M.~J. and {Brown}, D.~R. and {Krutz}, S.~R. and {Milliman}, M.~J.},
        title = "{Measuring the molecular polarizability of air}",
      journal = {American Journal of Physics},
     keywords = {air, Michelson interferometers, physics education, polarisability, refractive index, refractive index measurement, student experiments, 01.50.Pa, 30.00.00, Laboratory experiments and apparatus, ATOMIC AND MOLECULAR PHYSICS},
         year = 2011,
        month = apr,
       volume = {79},
       number = {4},
        pages = {428-430},
          doi = {10.1119/1.3533354},
       adsurl = {https://ui.adsabs.harvard.edu/abs/2011AmJPh..79..428M},
      adsnote = {Provided by the SAO/NASA Astrophysics Data System}
}

@online{web:refglass,
  author = {M. N. Polyanskiy}, 
  title = {Refractiveindex.info database of optical constants},
  adsnote =  {Sci. Data 11, 94 },
  adsurl = {https://refractiveindex.info/?shelf=3d&book=glass&page=BK7},
  doi = {https://doi.org/10.1038/s41597-023-02898-2},
  year = {2024}

}

@book{book:skript,
  author         = {Dr. Jan Kierfeld },
  editor         = {},
  publisher      = {Tu Dortmund},
  title          = {Skript Physik II},
  year           = {2022},
}