@manual{man:v64,
  organization = {TU Dortmund, Fakult√§t Physik},
  title = {Versuch 64: Interferometrie},
  year = 2022
}

@book{book:optik,
  author         = {Eugene Hecht},
  editor         = {},
  publisher      = {De Gruyter Studium},
  title          = {Optik},
  year           = {2023},
  edition        = {8},
}