@manual{man,
  title={V46 Der Faraday Effekt},
  organization={TU Dortmund},
  year= 2019
}

@book{book:expi3,
  title = {Experimantalphysik 3},
  author = {Wolfgang Demtr√∂der},
  publisher ={Springer Verlag},
  edition = {5},
  year = 2016
  
}