@manual{man:v18,
  organization = {TU Dortmund, Fakultät Physik},
  title = {Versuch 18: Die Wärmepumpe},
  year = 2024
}

@book{book:knoll,
  author         = {G. Knoll},
  publisher      = {Wiley},
  title          = {Radiation Detection and Measurement,},
  edition        = {3},
  year           = {2000}
}