@manual{Vxxx,
    title = {Versuchsanleitung zu Versuch Vxxx: },
    year = 2014,
    organization = {Fakult√§t Physik, TU Dortmund},
}