@manual{man,
  organization = {TU Dortmund, Fakult√§t Physik},
  title = {V01 -Lebensdauer Kosmischer Myonen},
  year = 2022
}